<record><leader>00000cas a2200000 a 4500</leader><controlfield tag="001">56408755</controlfield><controlfield tag="008">040902d18921909nyudr ne      0    0ara c</controlfield><datafield ind1=" " ind2=" " tag="010"><subfield code="a">sn2007058045</subfield><subfield code="z">sn 84024597 </subfield></datafield><datafield ind1=" " ind2=" " tag="040"><subfield code="a">CRL</subfield><subfield code="b">eng</subfield><subfield code="c">CRL</subfield><subfield code="d">DLC</subfield><subfield code="d">CRL</subfield><subfield code="d">OCLCQ</subfield><subfield code="d">OCLCF</subfield></datafield><datafield ind1=" " ind2=" " tag="066"><subfield code="c">(3</subfield></datafield><datafield ind1=" " ind2=" " tag="019"><subfield code="a">11207732</subfield></datafield><datafield ind1="1" ind2=" " tag="029"><subfield code="a">AU@</subfield><subfield code="b">000041506796</subfield></datafield><datafield ind1="0" ind2=" " tag="041"><subfield code="a">ara</subfield><subfield code="a">eng</subfield></datafield><datafield ind1=" " ind2=" " tag="042"><subfield code="a">pcc</subfield></datafield><datafield ind1=" " ind2=" " tag="043"><subfield code="a">n-us-ny</subfield></datafield><datafield ind1="0" ind2="0" tag="050"><subfield code="a">Newspaper</subfield></datafield><datafield ind1="0" ind2="0" tag="245"><subfield code="6">880-01</subfield><subfield code="a">Kawkab Ami&#772;rka&#772;.</subfield></datafield><datafield ind1="1" ind2="3" tag="246"><subfield code="a">Kawkab America</subfield></datafield><datafield ind1="1" ind2="3" tag="246"><subfield code="a">Star of America</subfield></datafield><datafield ind1=" " ind2=" " tag="260"><subfield code="6">880-02</subfield><subfield code="a">Niyu&#772;yu&#772;rk :</subfield><subfield code="b">Abrahi&#772;m wa-Naji&#772;b Yu&#772;suf &#699;Arbi&#772;li&#772;,</subfield><subfield code="c">1892-</subfield></datafield><datafield ind1=" " ind2=" " tag="300"><subfield code="a">v.</subfield></datafield><datafield ind1=" " ind2=" " tag="310"><subfield code="a">Daily</subfield></datafield><datafield ind1=" " ind2=" " tag="321"><subfield code="a">Weekly,</subfield><subfield code="b">1892-1897?</subfield></datafield><datafield ind1="0" ind2=" " tag="362"><subfield code="6">880-03</subfield><subfield code="a">al-Sanah 1., al-&#699;adad 1 (15 Ni&#772;sa&#772;n sanat 1892)-</subfield></datafield><datafield ind1="1" ind2=" " tag="362"><subfield code="a">Ceased in 1909?</subfield><subfield code="z">Cf. Gregory, W. Amer. newspapers.</subfield></datafield><datafield ind1=" " ind2=" " tag="500"><subfield code="a">&quot;Jari&#772;dah siya&#772;si&#772;yah &#699;ilmi&#772;yah tija&#772;ri&#772;yah adabi&#772;yah.&quot;</subfield></datafield><datafield ind1=" " ind2=" " tag="530"><subfield code="a">Also issued on microfilm from the Library of Congress, Photoduplication Service.</subfield></datafield><datafield ind1=" " ind2=" " tag="546"><subfield code="a">In Arabic and English.</subfield></datafield><datafield ind1=" " ind2=" " tag="588"><subfield code="a">Latest issue consulted: al-Sanah 4., al-&#699;adad 198 (28 Shuba&#772;t&#803; 1896).</subfield></datafield><datafield ind1=" " ind2="0" tag="650"><subfield code="a">Arabic newspapers</subfield><subfield code="z">New York (State)</subfield><subfield code="z">New York.</subfield></datafield><datafield ind1=" " ind2="7" tag="650"><subfield code="a">Arabic newspapers.</subfield><subfield code="2">fast</subfield><subfield code="0">(OCoLC)fst00812520</subfield></datafield><datafield ind1=" " ind2="7" tag="651"><subfield code="a">New York (State)</subfield><subfield code="z">New York.</subfield><subfield code="2">fast</subfield><subfield code="0">(OCoLC)fst01204333</subfield></datafield><datafield ind1=" " ind2=" " tag="752"><subfield code="a">United States</subfield><subfield code="b">New York</subfield><subfield code="c">New York</subfield><subfield code="d">New York.</subfield></datafield><datafield ind1="1" ind2=" " tag="776"><subfield code="c">Original</subfield><subfield code="w">(DLC)sn 84024597</subfield><subfield code="w">(OCoLC)11207732</subfield></datafield><datafield ind1="0" ind2="8" tag="776"><subfield code="i">Online version:</subfield><subfield code="t">Kawkab Ami&#772;rka&#772;</subfield><subfield code="w">(OCoLC)807760388</subfield></datafield><datafield ind1="0" ind2="0" tag="880"><subfield code="6">245-01/(3/r</subfield><subfield code="a">&#1603;&#1608;&#1603;&#1576; &#1575;&#1605;&#1610;&#1585;&#1603;&#1575;.</subfield></datafield><datafield ind1=" " ind2=" " tag="880"><subfield code="6">260-02/(3/r</subfield><subfield code="a">&#1606;&#1610;&#1608;&#1610;&#1608;&#1585;&#1603; :</subfield><subfield code="b">&#1571;&#1576;&#1585;&#1607;&#1610;&#1605; &#1608;&#1606;&#1580;&#1610;&#1576; &#1610;&#1608;&#1587;&#1601; &#1593;&#1585;&#1576;&#1610;&#1604;&#1610;&#1548;</subfield><subfield code="c">1892-</subfield></datafield><datafield ind1="0" ind2=" " tag="880"><subfield code="6">362-03/(3/r</subfield><subfield code="a">&#1575;&#1604;&#1587;&#1606;&#1577; 1.&#1548; &#1575;&#1604;&#1593;&#1583;&#1583; 1 (15 &#1606;&#1610;&#1587;&#1575;&#1606; &#1587;&#1606;&#1577; 1892)-</subfield></datafield></record>